@article{DBLP:journals/pacmpl/MorrisM19,
  author    = {J. Garrett Morris and
               James McKinna},
  title     = {Abstracting extensible data types: or, rows by any other name},
  journal   = {Proc. {ACM} Program. Lang.},
  volume    = {3},
  number    = {{POPL}},
  pages     = {12:1--12:28},
  year      = {2019},
  url       = {https://doi.org/10.1145/3290325},
  x-doi       = {10.1145/3290325},
  timestamp = {Wed, 17 Feb 2021 08:54:11 +0100},
  biburl    = {https://dblp.org/rec/journals/pacmpl/MorrisM19.bib},
  bibsource = {dblp computer science bibliography, https://dblp.org}
}

@inproceedings{DBLP:conf/haskell/OliveiraMY15,
  author    = {Bruno C. d. S. Oliveira and
               Shin{-}Cheng Mu and
               Shu{-}Hung You},
  editor    = {Ben Lippmeier},
  title     = {Modular reifiable matching: a list-of-functors approach to two-level
               types},
  booktitle = {Proceedings of the 8th {ACM} {SIGPLAN} Symposium on Haskell, Haskell
               2015, Vancouver, BC, Canada, September 3-4, 2015},
  pages     = {82--93},
  publisher = {{ACM}},
  year      = {2015},
  url       = {https://doi.org/10.1145/2804302.2804315},
  x-doi       = {10.1145/2804302.2804315},
  timestamp = {Wed, 23 Jun 2021 16:58:51 +0200},
  biburl    = {https://dblp.org/rec/conf/haskell/OliveiraMY15.bib},
  bibsource = {dblp computer science bibliography, https://dblp.org}
}

@inproceedings{DBLP:conf/haskell/Morris15,
  author    = {J. Garrett Morris},
  editor    = {Ben Lippmeier},
  title     = {Variations on variants},
  booktitle = {Proceedings of the 8th {ACM} {SIGPLAN} Symposium on Haskell, Haskell
               2015, Vancouver, BC, Canada, September 3-4, 2015},
  pages     = {71--81},
  publisher = {{ACM}},
  year      = {2015},
  url       = {https://doi.org/10.1145/2804302.2804320},
  x-doi       = {10.1145/2804302.2804320},
  timestamp = {Wed, 23 Jun 2021 16:58:51 +0200},
  biburl    = {https://dblp.org/rec/conf/haskell/Morris15.bib},
  bibsource = {dblp computer science bibliography, https://dblp.org}
}

@inproceedings{DBLP:conf/icfp/Bahr14,
  author    = {Patrick Bahr},
  editor    = {Jos{\'{e}} Pedro Magalh{\~{a}}es and
               Tiark Rompf},
  title     = {Composing and decomposing data types: a closed type families implementation
               of data types {\`{a}} la carte},
  booktitle = {Proceedings of the 10th {ACM} {SIGPLAN} workshop on Generic programming,
               {WGP} 2014, Gothenburg, Sweden, August 31, 2014},
  pages     = {71--82},
  publisher = {{ACM}},
  year      = {2014},
  url       = {https://doi.org/10.1145/2633628.2633635},
  x-x-doi       = {10.1145/2633628.2633635},
  timestamp = {Wed, 14 Nov 2018 10:52:41 +0100},
  biburl    = {https://dblp.org/rec/conf/icfp/Bahr14.bib},
  bibsource = {dblp computer science bibliography, https://dblp.org}
}

@inproceedings{DBLP:conf/icfp/BahrH11,
  author    = {Patrick Bahr and
               Tom Hvitved},
  editor    = {Jaakko J{\"{a}}rvi and
               Shin{-}Cheng Mu},
  title     = {Compositional data types},
  booktitle = {Proceedings of the seventh {ACM} {SIGPLAN} workshop on Generic programming,
               WGP@ICFP 2011, Tokyo, Japan, September 19-21, 2011},
  pages     = {83--94},
  publisher = {{ACM}},
  year      = {2011},
  url       = {https://doi.org/10.1145/2036918.2036930},
  x-doi       = {10.1145/2036918.2036930},
  timestamp = {Wed, 14 Nov 2018 10:52:41 +0100},
  biburl    = {https://dblp.org/rec/conf/icfp/BahrH11.bib},
  bibsource = {dblp computer science bibliography, https://dblp.org}
}



@inproceedings{DBLP:journals/corr/abs-1202-2917,
  author    = {Patrick Bahr and
               Tom Hvitved},
  editor    = {James Chapman and
               Paul Blain Levy},
  title     = {Parametric Compositional Data Types},
  booktitle = {Proceedings Fourth Workshop on Mathematically Structured Functional
               Programming, MSFP@ETAPS 2012, Tallinn, Estonia, 25 March 2012},
  series    = {{EPTCS}},
  volume    = {76},
  pages     = {3--24},
  year      = {2012},
  url       = {https://doi.org/10.4204/EPTCS.76.3},
  x-doi       = {10.4204/EPTCS.76.3},
  timestamp = {Fri, 27 Dec 2019 21:15:10 +0100},
  biburl    = {https://dblp.org/rec/journals/corr/abs-1202-2917.bib},
  bibsource = {dblp computer science bibliography, https://dblp.org}
}



@article{DBLP:journals/jfp/Swierstra08,
  author    = {Wouter Swierstra},
  title     = {Data types {\`{a}} la carte},
  journal   = {J. Funct. Program.},
  volume    = {18},
  number    = {4},
  pages     = {423--436},
  year      = {2008},
  url       = {https://doi.org/10.1017/S0956796808006758},
  x-doi       = {10.1017/S0956796808006758},
  timestamp = {Sat, 27 May 2017 14:24:34 +0200},
  biburl    = {https://dblp.org/rec/journals/jfp/Swierstra08.bib},
  bibsource = {dblp computer science bibliography, https://dblp.org}
}

@techreport{gaster1996polymorphic,
  title       = {A polymorphic type system for extensible records and variants},
  author      = {Gaster, Benedict R and Jones, Mark P},
  year        = {1996},
  institution = {Citeseer}
}

@inproceedings{DBLP:conf/popl/Remy89,
  author    = {Didier R{\'{e}}my},
  title     = {Typechecking Records and Variants in a Natural Extension of {ML}},
  booktitle = {Conference Record of the Sixteenth Annual {ACM} Symposium on Principles
               of Programming Languages, Austin, Texas, USA, January 11-13, 1989},
  pages     = {77--88},
  publisher = {{ACM} Press},
  year      = {1989},
  url       = {https://doi.org/10.1145/75277.75284},
  x-doi       = {10.1145/75277.75284},
  timestamp = {Tue, 06 Nov 2018 11:07:43 +0100},
  biburl    = {https://dblp.org/rec/conf/popl/Remy89.bib},
  bibsource = {dblp computer science bibliography, https://dblp.org}
}

@article{pottier2005essence,
  title     = {The essence of ML type inference},
  author    = {Pottier, Fran{\c{c}}ois and R{\'e}my, Didier},
  year      = {2005},
  publisher = {Advanced Topics in Types and Programming Languages}
}

@inproceedings{DBLP:conf/lics/Wand89,
  author    = {Mitchell Wand},
  title     = {Type Inference for Record Concatenation and Multiple Inheritance},
  booktitle = {Proceedings of the Fourth Annual Symposium on Logic in Computer Science
               {(LICS} '89), Pacific Grove, California, USA, June 5-8, 1989},
  pages     = {92--97},
  publisher = {{IEEE} Computer Society},
  year      = {1989},
  url       = {https://doi.org/10.1109/LICS.1989.39162},
  x-doi       = {10.1109/LICS.1989.39162},
  timestamp = {Wed, 16 Oct 2019 14:14:54 +0200},
  biburl    = {https://dblp.org/rec/conf/lics/Wand89.bib},
  bibsource = {dblp computer science bibliography, https://dblp.org}
}

@inproceedings{DBLP:conf/icfp/BlumeAC06,
  author    = {Matthias Blume and
               Umut A. Acar and
               Wonseok Chae},
  editor    = {John H. Reppy and
               Julia L. Lawall},
  title     = {Extensible programming with first-class cases},
  booktitle = {Proceedings of the 11th {ACM} {SIGPLAN} International Conference on
               Functional Programming, {ICFP} 2006, Portland, Oregon, USA, September
               16-21, 2006},
  pages     = {239--250},
  publisher = {{ACM}},
  year      = {2006},
  url       = {https://doi.org/10.1145/1159803.1159836},
  x-doi       = {10.1145/1159803.1159836},
  timestamp = {Fri, 25 Jun 2021 14:48:54 +0200},
  biburl    = {https://dblp.org/rec/conf/icfp/BlumeAC06.bib},
  bibsource = {dblp computer science bibliography, https://dblp.org}
}

@inproceedings{DBLP:conf/tlca/JohannG07,
  author    = {Patricia Johann and
               Neil Ghani},
  editor    = {Simona Ronchi Della Rocca},
  title     = {Initial Algebra Semantics Is Enough!},
  booktitle = {Typed Lambda Calculi and Applications, 8th International Conference,
               {TLCA} 2007, Paris, France, June 26-28, 2007, Proceedings},
  series    = {Lecture Notes in Computer Science},
  volume    = {4583},
  pages     = {207--222},
  publisher = {Springer},
  year      = {2007},
  url       = {https://doi.org/10.1007/978-3-540-73228-0\_16},
  x-doi       = {10.1007/978-3-540-73228-0\_16},
  timestamp = {Tue, 14 May 2019 10:00:41 +0200},
  biburl    = {https://dblp.org/rec/conf/tlca/JohannG07.bib},
  bibsource = {dblp computer science bibliography, https://dblp.org}
}

@inproceedings{DBLP:conf/icfp/Sheard01,
  author    = {Tim Sheard},
  editor    = {Benjamin C. Pierce},
  title     = {Generic Unification via Two-Level Types and Parameterized Modules},
  booktitle = {Proceedings of the Sixth {ACM} {SIGPLAN} International Conference
               on Functional Programming {(ICFP} '01), Firenze (Florence), Italy,
               September 3-5, 2001},
  pages     = {86--97},
  publisher = {{ACM}},
  year      = {2001},
  url       = {https://doi.org/10.1145/507635.507648},
  x-doi       = {10.1145/507635.507648},
  timestamp = {Wed, 07 Jul 2021 17:30:33 +0200},
  biburl    = {https://dblp.org/rec/conf/icfp/Sheard01.bib},
  bibsource = {dblp computer science bibliography, https://dblp.org}
}

@article{DBLP:journals/jfp/SheardP04,
  author    = {Tim Sheard and
               Emir Pasalic},
  title     = {Two-level types and parameterized modules},
  journal   = {J. Funct. Program.},
  volume    = {14},
  number    = {5},
  pages     = {547--587},
  year      = {2004},
  url       = {https://doi.org/10.1017/S095679680300488X},
  x-doi       = {10.1017/S095679680300488X},
  timestamp = {Sat, 27 May 2017 14:24:34 +0200},
  biburl    = {https://dblp.org/rec/journals/jfp/SheardP04.bib},
  bibsource = {dblp computer science bibliography, https://dblp.org}
}

@article{DBLP:journals/jfp/ConventLMM20,
  author    = {Lukas Convent and
               Sam Lindley and
               Conor McBride and
               Craig McLaughlin},
  title     = {Doo bee doo bee doo},
  journal   = {J. Funct. Program.},
  volume    = {30},
  pages     = {e9},
  year      = {2020},
  url       = {https://doi.org/10.1017/S0956796820000039},
  x-doi       = {10.1017/S0956796820000039},
  timestamp = {Sat, 05 Sep 2020 17:51:31 +0200},
  biburl    = {https://dblp.org/rec/journals/jfp/ConventLMM20.bib},
  bibsource = {dblp computer science bibliography, https://dblp.org}
}

@inproceedings{DBLP:conf/popl/Leijen17,
  author    = {Daan Leijen},
  editor    = {Giuseppe Castagna and
               Andrew D. Gordon},
  title     = {Type directed compilation of row-typed algebraic effects},
  booktitle = {Proceedings of the 44th {ACM} {SIGPLAN} Symposium on Principles of
               Programming Languages, {POPL} 2017, Paris, France, January 18-20,
               2017},
  pages     = {486--499},
  publisher = {{ACM}},
  year      = {2017},
  url       = {https://doi.org/10.1145/3009837.3009872},
  x-doi       = {10.1145/3009837.3009872},
  timestamp = {Mon, 14 Jun 2021 15:39:36 +0200},
  biburl    = {https://dblp.org/rec/conf/popl/Leijen17.bib},
  bibsource = {dblp computer science bibliography, https://dblp.org}
}

@article{DBLP:journals/pacmpl/AntwerpenPRV18,
  author    = {Hendrik van Antwerpen and
               Casper Bach Poulsen and
               Arjen Rouvoet and
               Eelco Visser},
  title     = {Scopes as types},
  journal   = {Proc. {ACM} Program. Lang.},
  volume    = {2},
  number    = {{OOPSLA}},
  pages     = {114:1--114:30},
  year      = {2018},
  url       = {https://doi.org/10.1145/3276484},
  x-doi       = {10.1145/3276484},
  timestamp = {Wed, 17 Feb 2021 08:53:58 +0100},
  biburl    = {https://dblp.org/rec/journals/pacmpl/AntwerpenPRV18.bib},
  bibsource = {dblp computer science bibliography, https://dblp.org}
}

@inproceedings{DBLP:conf/oopsla/KatsV10a,
  author    = {Lennart C. L. Kats and
               Eelco Visser},
  editor    = {William R. Cook and
               Siobh{\'{a}}n Clarke and
               Martin C. Rinard},
  title     = {The Spoofax language workbench},
  booktitle = {Companion to the 25th Annual {ACM} {SIGPLAN} Conference on Object-Oriented
               Programming, Systems, Languages, and Applications, {SPLASH/OOPSLA}
               2010, October 17-21, 2010, Reno/Tahoe, Nevada, {USA}},
  pages     = {237--238},
  publisher = {{ACM}},
  year      = {2010},
  url       = {https://doi.org/10.1145/1869542.1869592},
  x-doi       = {10.1145/1869542.1869592},
  timestamp = {Mon, 12 Jul 2021 15:34:15 +0200},
  biburl    = {https://dblp.org/rec/conf/oopsla/KatsV10a.bib},
  bibsource = {dblp computer science bibliography, https://dblp.org}
}

@misc{wadler1998expression,
  title = {The Expression Problem},
  author = {Phil Wadler},
  year = {1998},
  howpublished = {\url{http://homepages.inf.ed.ac.uk/wadler/papers/expression/expression.txt}},
  note = {Accessed: 2022-04-04}
}

@article{DBLP:journals/lisp/Strachey00,
  author    = {Christopher S. Strachey},
  title     = {Fundamental Concepts in Programming Languages},
  journal   = {High. Order Symb. Comput.},
  volume    = {13},
  number    = {1/2},
  pages     = {11--49},
  year      = {2000},
  url       = {https://doi.org/10.1023/A:1010000313106},
  x-doi       = {10.1023/A:1010000313106},
  timestamp = {Thu, 15 Apr 2021 14:36:05 +0200},
  biburl    = {https://dblp.org/rec/journals/lisp/Strachey00.bib},
  bibsource = {dblp computer science bibliography, https://dblp.org}
}

@article{strachey1966towards,
  title={Towards a formal semantics},
  author={Strachey, Christopher},
  year={1966},
  publisher={North-Holland}
}



@inproceedings{DBLP:conf/fpca/MeijerFP91,
  author    = {Erik Meijer and
               Maarten M. Fokkinga and
               Ross Paterson},
  editor    = {John Hughes},
  title     = {Functional Programming with Bananas, Lenses, Envelopes and Barbed
               Wire},
  booktitle = {Functional Programming Languages and Computer Architecture, 5th {ACM}
               Conference, Cambridge, MA, USA, August 26-30, 1991, Proceedings},
  series    = {Lecture Notes in Computer Science},
  volume    = {523},
  pages     = {124--144},
  publisher = {Springer},
  year      = {1991},
  url       = {https://doi.org/10.1007/3540543961\_7},
  x-doi       = {10.1007/3540543961\_7},
  timestamp = {Tue, 14 May 2019 10:00:44 +0200},
  biburl    = {https://dblp.org/rec/conf/fpca/MeijerFP91.bib},
  bibsource = {dblp computer science bibliography, https://dblp.org}
}



@inproceedings{DBLP:conf/popl/DelawareOS13,
  author    = {Benjamin Delaware and
               Bruno C. d. S. Oliveira and
               Tom Schrijvers},
  editor    = {Roberto Giacobazzi and
               Radhia Cousot},
  title     = {Meta-theory {\`{a}} la carte},
  booktitle = {The 40th Annual {ACM} {SIGPLAN-SIGACT} Symposium on Principles of
               Programming Languages, {POPL} '13, Rome, Italy - January 23 - 25,
               2013},
  pages     = {207--218},
  publisher = {{ACM}},
  year      = {2013},
  url       = {https://doi.org/10.1145/2429069.2429094},
  x-doi       = {10.1145/2429069.2429094},
  timestamp = {Thu, 24 Jun 2021 16:19:31 +0200},
  biburl    = {https://dblp.org/rec/conf/popl/DelawareOS13.bib},
  bibsource = {dblp computer science bibliography, https://dblp.org}
}

@inproceedings{DBLP:conf/popl/LiangHJ95,
  author    = {Sheng Liang and
               Paul Hudak and
               Mark P. Jones},
  editor    = {Ron K. Cytron and
               Peter Lee},
  title     = {Monad Transformers and Modular Interpreters},
  booktitle = {Conference Record of POPL'95: 22nd {ACM} {SIGPLAN-SIGACT} Symposium
               on Principles of Programming Languages, San Francisco, California,
               USA, January 23-25, 1995},
  pages     = {333--343},
  publisher = {{ACM} Press},
  year      = {1995},
  url       = {https://doi.org/10.1145/199448.199528},
  x-doi       = {10.1145/199448.199528},
  timestamp = {Tue, 06 Nov 2018 11:07:43 +0100},
  biburl    = {https://dblp.org/rec/conf/popl/LiangHJ95.bib},
  bibsource = {dblp computer science bibliography, https://dblp.org}
}

@inproceedings{DBLP:conf/haskell/SchrijversPWJ19,
  author    = {Tom Schrijvers and
               Maciej Pir{\'{o}}g and
               Nicolas Wu and
               Mauro Jaskelioff},
  editor    = {Richard A. Eisenberg},
  title     = {Monad transformers and modular algebraic effects: what binds them
               together},
  booktitle = {Proceedings of the 12th {ACM} {SIGPLAN} International Symposium on
               Haskell, Haskell@ICFP 2019, Berlin, Germany, August 18-23, 2019},
  pages     = {98--113},
  publisher = {{ACM}},
  year      = {2019},
  url       = {https://doi.org/10.1145/3331545.3342595},
  x-doi       = {10.1145/3331545.3342595},
  timestamp = {Thu, 14 Oct 2021 10:26:03 +0200},
  biburl    = {https://dblp.org/rec/conf/haskell/SchrijversPWJ19.bib},
  bibsource = {dblp computer science bibliography, https://dblp.org}
}

@inproceedings{DBLP:conf/haskell/WuSH14,
  author    = {Nicolas Wu and
               Tom Schrijvers and
               Ralf Hinze},
  editor    = {Wouter Swierstra},
  title     = {Effect handlers in scope},
  booktitle = {Proceedings of the 2014 {ACM} {SIGPLAN} symposium on Haskell, Gothenburg,
               Sweden, September 4-5, 2014},
  pages     = {1--12},
  publisher = {{ACM}},
  year      = {2014},
  url       = {https://doi.org/10.1145/2633357.2633358},
  x-doi       = {10.1145/2633357.2633358},
  timestamp = {Thu, 24 Jun 2021 16:19:29 +0200},
  biburl    = {https://dblp.org/rec/conf/haskell/WuSH14.bib},
  bibsource = {dblp computer science bibliography, https://dblp.org}
}


@article{DBLP:journals/corr/BauerP13,
  author    = {Andrej Bauer and
               Matija Pretnar},
  title     = {An Effect System for Algebraic Effects and Handlers},
  journal   = {Log. Methods Comput. Sci.},
  volume    = {10},
  number    = {4},
  year      = {2014},
  url       = {https://doi.org/10.2168/LMCS-10(4:9)2014},
  x-doi       = {10.2168/LMCS-10(4:9)2014},
  timestamp = {Thu, 25 Jun 2020 21:29:06 +0200},
  biburl    = {https://dblp.org/rec/journals/corr/BauerP13.bib},
  bibsource = {dblp computer science bibliography, https://dblp.org}
}

@inproceedings{DBLP:conf/icfp/GibbonsW14,
  author    = {Jeremy Gibbons and
               Nicolas Wu},
  editor    = {Johan Jeuring and
               Manuel M. T. Chakravarty},
  title     = {Folding domain-specific languages: deep and shallow embeddings (functional
               Pearl)},
  booktitle = {Proceedings of the 19th {ACM} {SIGPLAN} international conference on
               Functional programming, Gothenburg, Sweden, September 1-3, 2014},
  pages     = {339--347},
  publisher = {{ACM}},
  year      = {2014},
  url       = {https://doi.org/10.1145/2628136.2628138},
  x-doi       = {10.1145/2628136.2628138},
  timestamp = {Thu, 24 Jun 2021 16:19:30 +0200},
  biburl    = {https://dblp.org/rec/conf/icfp/GibbonsW14.bib},
  bibsource = {dblp computer science bibliography, https://dblp.org}
}

@inproceedings{DBLP:conf/oopsla/RendelBO14,
  author    = {Tillmann Rendel and
               Jonathan Immanuel Brachth{\"{a}}user and
               Klaus Ostermann},
  editor    = {Andrew P. Black and
               Todd D. Millstein},
  title     = {From object algebras to attribute grammars},
  booktitle = {Proceedings of the 2014 {ACM} International Conference on Object Oriented
               Programming Systems Languages {\&} Applications, {OOPSLA} 2014,
               part of {SPLASH} 2014, Portland, OR, USA, October 20-24, 2014},
  pages     = {377--395},
  publisher = {{ACM}},
  year      = {2014},
  url       = {https://doi.org/10.1145/2660193.2660237},
  x-doi       = {10.1145/2660193.2660237},
  timestamp = {Thu, 24 Jun 2021 16:19:30 +0200},
  biburl    = {https://dblp.org/rec/conf/oopsla/RendelBO14.bib},
  bibsource = {dblp computer science bibliography, https://dblp.org}
}



@inproceedings{DBLP:conf/fpca/Johnsson87,
  author    = {Thomas Johnsson},
  editor    = {Gilles Kahn},
  title     = {Attribute grammars as a functional programming paradigm},
  booktitle = {Functional Programming Languages and Computer Architecture, Portland,
               Oregon, USA, September 14-16, 1987, Proceedings},
  series    = {Lecture Notes in Computer Science},
  volume    = {274},
  pages     = {154--173},
  publisher = {Springer},
  year      = {1987},
  url       = {https://doi.org/10.1007/3-540-18317-5\_10},
  x-doi       = {10.1007/3-540-18317-5\_10},
  timestamp = {Tue, 14 May 2019 10:00:44 +0200},
  biburl    = {https://dblp.org/rec/conf/fpca/Johnsson87.bib},
  bibsource = {dblp computer science bibliography, https://dblp.org}
}



@article{DBLP:journals/mst/ChiricaM79,
  author    = {Laurian M. Chirica and
               David F. Martin},
  title     = {An Order-Algebraic Definition of Knuthian Semantics},
  journal   = {Math. Syst. Theory},
  volume    = {13},
  pages     = {1--27},
  year      = {1979},
  url       = {https://doi.org/10.1007/BF01744285},
  x-doi       = {10.1007/BF01744285},
  timestamp = {Sun, 17 May 2020 11:45:09 +0200},
  biburl    = {https://dblp.org/rec/journals/mst/ChiricaM79.bib},
  bibsource = {dblp computer science bibliography, https://dblp.org}
}

@inproceedings{DBLP:conf/ecmdafa/HeimNRW16,
  author    = {Robert Heim and
               Pedram Mir Seyed Nazari and
               Bernhard Rumpe and
               Andreas Wortmann},
  editor    = {Andrzej Wasowski and
               Henrik L{\"{o}}nn},
  title     = {Compositional Language Engineering Using Generated, Extensible, Static
               Type-Safe Visitors},
  booktitle = {Modelling Foundations and Applications - 12th European Conference,
               ECMFA@STAF 2016, Vienna, Austria, July 6-7, 2016, Proceedings},
  series    = {Lecture Notes in Computer Science},
  volume    = {9764},
  pages     = {67--82},
  publisher = {Springer},
  year      = {2016},
  url       = {https://doi.org/10.1007/978-3-319-42061-5\_5},
  x-doi       = {10.1007/978-3-319-42061-5\_5},
  timestamp = {Fri, 27 Nov 2020 19:26:08 +0100},
  biburl    = {https://dblp.org/rec/conf/ecmdafa/HeimNRW16.bib},
  bibsource = {dblp computer science bibliography, https://dblp.org}
}

@article{lammel2000dealing,
  title={Dealing with large bananas},
  author={L{\"a}mmel, Ralf and Visser, Joost and Kort, Jan},
  year={2000},
  publisher={Citeseer}
}

@inproceedings{DBLP:conf/fpca/MeijerH95,
  author    = {Erik Meijer and
               Graham Hutton},
  editor    = {John Williams},
  title     = {Bananas in Space: Extending Fold and Unfold to Exponential Types},
  booktitle = {Proceedings of the seventh international conference on Functional
               programming languages and computer architecture, {FPCA} 1995, La Jolla,
               California, USA, June 25-28, 1995},
  pages     = {324--333},
  publisher = {{ACM}},
  year      = {1995},
  url       = {https://doi.org/10.1145/224164.224225},
  x-doi       = {10.1145/224164.224225},
  timestamp = {Tue, 06 Nov 2018 11:07:48 +0100},
  biburl    = {https://dblp.org/rec/conf/fpca/MeijerH95.bib},
  bibsource = {dblp computer science bibliography, https://dblp.org}
}

@inproceedings{DBLP:conf/tacas/Backhouse02,
  author    = {Kevin Backhouse},
  editor    = {Joost{-}Pieter Katoen and
               Perdita Stevens},
  title     = {A Functional Semantics of Attribute Grammars},
  booktitle = {Tools and Algorithms for the Construction and Analysis of Systems,
               8th International Conference, {TACAS} 2002, Held as Part of the Joint
               European Conference on Theory and Practice of Software, {ETAPS} 2002,
               Grenoble, France, April 8-12, 2002, Proceedings},
  series    = {Lecture Notes in Computer Science},
  volume    = {2280},
  pages     = {142--157},
  publisher = {Springer},
  year      = {2002},
  url       = {https://doi.org/10.1007/3-540-46002-0\_11},
  x-doi       = {10.1007/3-540-46002-0\_11},
  timestamp = {Tue, 14 May 2019 10:00:53 +0200},
  biburl    = {https://dblp.org/rec/conf/tacas/Backhouse02.bib},
  bibsource = {dblp computer science bibliography, https://dblp.org}
}



@inproceedings{DBLP:conf/popl/Wadler92,
  author    = {Philip Wadler},
  editor    = {Ravi Sethi},
  title     = {The Essence of Functional Programming},
  booktitle = {Conference Record of the Nineteenth Annual {ACM} {SIGPLAN-SIGACT}
               Symposium on Principles of Programming Languages, Albuquerque, New
               Mexico, USA, January 19-22, 1992},
  pages     = {1--14},
  publisher = {{ACM} Press},
  year      = {1992},
  url       = {https://doi.org/10.1145/143165.143169},
  x-doi       = {10.1145/143165.143169},
  timestamp = {Tue, 06 Nov 2018 11:07:43 +0100},
  biburl    = {https://dblp.org/rec/conf/popl/Wadler92.bib},
  bibsource = {dblp computer science bibliography, https://dblp.org}
}

@book{DBLP:books/sp/Levy2004,
  author    = {Paul Blain Levy},
  title     = {Call-By-Push-Value: {A} Functional/Imperative Synthesis},
  series    = {Semantics Structures in Computation},
  volume    = {2},
  publisher = {Springer},
  year      = {2004},
  isbn      = {1-4020-1730-8},
  timestamp = {Tue, 12 Sep 2006 09:32:36 +0200},
  biburl    = {https://dblp.org/rec/books/sp/Levy2004.bib},
  bibsource = {dblp computer science bibliography, https://dblp.org}
}

@article{DBLP:journals/jlp/BauerP15,
  author    = {Andrej Bauer and
               Matija Pretnar},
  title     = {Programming with algebraic effects and handlers},
  journal   = {J. Log. Algebraic Methods Program.},
  volume    = {84},
  number    = {1},
  pages     = {108--123},
  year      = {2015},
  url       = {https://doi.org/10.1016/j.jlamp.2014.02.001},
  x-doi       = {10.1016/j.jlamp.2014.02.001},
  timestamp = {Tue, 16 Feb 2021 15:58:12 +0100},
  biburl    = {https://dblp.org/rec/journals/jlp/BauerP15.bib},
  bibsource = {dblp computer science bibliography, https://dblp.org}
}

@article{DBLP:journals/corr/Pretnar13,
  author    = {Matija Pretnar},
  title     = {Inferring Algebraic Effects},
  journal   = {Log. Methods Comput. Sci.},
  volume    = {10},
  number    = {3},
  year      = {2014},
  url       = {https://doi.org/10.2168/LMCS-10(3:21)2014},
  x-doi       = {10.2168/LMCS-10(3:21)2014},
  timestamp = {Thu, 25 Jun 2020 21:29:11 +0200},
  biburl    = {https://dblp.org/rec/journals/corr/Pretnar13.bib},
  bibsource = {dblp computer science bibliography, https://dblp.org}
}

@inproceedings{DBLP:conf/tldi/LindleyC12,
  author    = {Sam Lindley and
               James Cheney},
  editor    = {Benjamin C. Pierce},
  title     = {Row-based effect types for database integration},
  booktitle = {Proceedings of {TLDI} 2012: The Seventh {ACM} {SIGPLAN} Workshop on
               Types in Languages Design and Implementation, Philadelphia, PA, USA,
               Saturday, January 28, 2012},
  pages     = {91--102},
  publisher = {{ACM}},
  year      = {2012},
  url       = {https://doi.org/10.1145/2103786.2103798},
  x-doi       = {10.1145/2103786.2103798},
  timestamp = {Tue, 06 Nov 2018 16:58:22 +0100},
  biburl    = {https://dblp.org/rec/conf/tldi/LindleyC12.bib},
  bibsource = {dblp computer science bibliography, https://dblp.org}
}

@article{DBLP:journals/pacmpl/BrachthauserSO20,
  author    = {Jonathan Immanuel Brachth{\"{a}}user and
               Philipp Schuster and
               Klaus Ostermann},
  title     = {Effects as capabilities: effect handlers and lightweight effect polymorphism},
  journal   = {Proc. {ACM} Program. Lang.},
  volume    = {4},
  number    = {{OOPSLA}},
  pages     = {126:1--126:30},
  year      = {2020},
  url       = {https://doi.org/10.1145/3428194},
  x-doi       = {10.1145/3428194},
  timestamp = {Wed, 17 Feb 2021 08:53:57 +0100},
  biburl    = {https://dblp.org/rec/journals/pacmpl/BrachthauserSO20.bib},
  bibsource = {dblp computer science bibliography, https://dblp.org}
}

@article{DBLP:journals/iandc/Moggi91,
  author    = {Eugenio Moggi},
  title     = {Notions of Computation and Monads},
  journal   = {Inf. Comput.},
  volume    = {93},
  number    = {1},
  pages     = {55--92},
  year      = {1991},
  url       = {https://doi.org/10.1016/0890-5401(91)90052-4},
  x-doi       = {10.1016/0890-5401(91)90052-4},
  timestamp = {Fri, 12 Feb 2021 22:16:40 +0100},
  biburl    = {https://dblp.org/rec/journals/iandc/Moggi91.bib},
  bibsource = {dblp computer science bibliography, https://dblp.org}
}

@article{DBLP:journals/acs/PlotkinP03,
  author    = {Gordon D. Plotkin and
               John Power},
  title     = {Algebraic Operations and Generic Effects},
  journal   = {Appl. Categorical Struct.},
  volume    = {11},
  number    = {1},
  pages     = {69--94},
  year      = {2003},
  url       = {https://doi.org/10.1023/A:1023064908962},
  x-doi       = {10.1023/A:1023064908962},
  timestamp = {Tue, 29 Sep 2020 10:59:27 +0200},
  biburl    = {https://dblp.org/rec/journals/acs/PlotkinP03.bib},
  bibsource = {dblp computer science bibliography, https://dblp.org}
}

@inproceedings{DBLP:conf/esop/PlotkinP09,
  author    = {Gordon D. Plotkin and
               Matija Pretnar},
  editor    = {Giuseppe Castagna},
  title     = {Handlers of Algebraic Effects},
  booktitle = {Programming Languages and Systems, 18th European Symposium on Programming,
               {ESOP} 2009, Held as Part of the Joint European Conferences on Theory
               and Practice of Software, {ETAPS} 2009, York, UK, March 22-29, 2009.
               Proceedings},
  series    = {Lecture Notes in Computer Science},
  volume    = {5502},
  pages     = {80--94},
  publisher = {Springer},
  year      = {2009},
  url       = {https://doi.org/10.1007/978-3-642-00590-9\_7},
  x-doi       = {10.1007/978-3-642-00590-9\_7},
  timestamp = {Tue, 14 May 2019 10:00:41 +0200},
  biburl    = {https://dblp.org/rec/conf/esop/PlotkinP09.bib},
  bibsource = {dblp computer science bibliography, https://dblp.org}
}

@inproceedings{DBLP:conf/icfp/KammarLO13,
  author    = {Ohad Kammar and
               Sam Lindley and
               Nicolas Oury},
  editor    = {Greg Morrisett and
               Tarmo Uustalu},
  title     = {Handlers in action},
  booktitle = {{ACM} {SIGPLAN} International Conference on Functional Programming,
               ICFP'13, Boston, MA, {USA} - September 25 - 27, 2013},
  pages     = {145--158},
  publisher = {{ACM}},
  year      = {2013},
  url       = {https://doi.org/10.1145/2500365.2500590},
  x-doi       = {10.1145/2500365.2500590},
  timestamp = {Thu, 24 Jun 2021 16:19:30 +0200},
  biburl    = {https://dblp.org/rec/conf/icfp/KammarLO13.bib},
  bibsource = {dblp computer science bibliography, https://dblp.org}
}

@inproceedings{DBLP:conf/lics/PirogSWJ18,
  author    = {Maciej Pir{\'{o}}g and
               Tom Schrijvers and
               Nicolas Wu and
               Mauro Jaskelioff},
  editor    = {Anuj Dawar and
               Erich Gr{\"{a}}del},
  title     = {Syntax and Semantics for Operations with Scopes},
  booktitle = {Proceedings of the 33rd Annual {ACM/IEEE} Symposium on Logic in Computer
               Science, {LICS} 2018, Oxford, UK, July 09-12, 2018},
  pages     = {809--818},
  publisher = {{ACM}},
  year      = {2018},
  url       = {https://doi.org/10.1145/3209108.3209166},
  x-doi       = {10.1145/3209108.3209166},
  timestamp = {Thu, 14 Oct 2021 09:50:17 +0200},
  biburl    = {https://dblp.org/rec/conf/lics/PirogSWJ18.bib},
  bibsource = {dblp computer science bibliography, https://dblp.org}
}

@inproceedings{DBLP:conf/aplas/BergSPW21,
  author    = {Birthe van den Berg and
               Tom Schrijvers and
               Casper Bach Poulsen and
               Nicolas Wu},
  editor    = {Hakjoo Oh},
  title     = {Latent Effects for Reusable Language Components},
  booktitle = {Programming Languages and Systems - 19th Asian Symposium, {APLAS}
               2021, Chicago, IL, USA, October 17-18, 2021, Proceedings},
  series    = {Lecture Notes in Computer Science},
  volume    = {13008},
  pages     = {182--201},
  publisher = {Springer},
  year      = {2021},
  url       = {https://doi.org/10.1007/978-3-030-89051-3\_11},
  x-doi       = {10.1007/978-3-030-89051-3\_11},
  timestamp = {Sat, 25 Dec 2021 15:52:31 +0100},
  biburl    = {https://dblp.org/rec/conf/aplas/BergSPW21.bib},
  bibsource = {dblp computer science bibliography, https://dblp.org}
}

@inproceedings{augustsson1999exercise,
  title = {An exercise in dependent types: A well-typed interpreter},
  author = {Lennart Augustsson and Magnus Carlsson},
  year = {1999},
  researchr = {https://researchr.org/publication/Augustsson99anexercise},
  cites = {0},
  citedby = {0},
  booktitle = {In Workshop on Dependent Types in Programming, Gothenburg},
}

@article{DBLP:journals/jfp/CaretteKS09,
  author    = {Jacques Carette and
               Oleg Kiselyov and
               Chung{-}chieh Shan},
  title     = {Finally tagless, partially evaluated: Tagless staged interpreters
               for simpler typed languages},
  journal   = {J. Funct. Program.},
  volume    = {19},
  number    = {5},
  pages     = {509--543},
  year      = {2009},
  url       = {https://doi.org/10.1017/S0956796809007205},
  doi       = {10.1017/S0956796809007205},
  timestamp = {Sun, 02 Jun 2019 21:00:12 +0200},
  biburl    = {https://dblp.org/rec/journals/jfp/CaretteKS09.bib},
  bibsource = {dblp computer science bibliography, https://dblp.org}
}

